@book{menschen_verstehen_und_lenken,
    title = {Menschen verstehen und lenken},
    author = {Joe Navarro},
    isbn = {9783868822397},
    year = {2010},
    publisher = {mvg-Verlag}
}

@book{menschen_lesen,
    title = {Menschen lesen},
    author = {Joe Navarro},
    isbn = {9783868822137},
    year = {2008},
    publisher = {mvg-Verlag}
}